@article{554760, 
author={C. V. C. Bouten and K. T. M. Koekkoek and M. Verduin and R. Kodde and J. D. Janssen}, 
journal={IEEE Transactions on Biomedical Engineering}, 
title={A triaxial accelerometer and portable data processing unit for the assessment of daily physical activity}, 
year={1997}, 
volume={44}, 
number={3}, 
pages={136-147}, 
doi={10.1109/10.554760}, 
ISSN={0018-9294}, 
month={March}
}


@manual{tmp112datasheet,
organization = {Texas Instruments},
title = {TMP112 High-Accuracy, Low-Power, Digital Temperature Sensor With SMBus and Two-Wire Serial Interface in SOT563},
number = {SBOS473E},
year = {2009},
month = {3},
note = {Rev. E}
}

@manual{bma222datasheet,
organization = {Bosch},
title = {BMA222E Digital, triaxial acceleration sensor},
number = {BST-BMA222E-DS004-6},
year = {2005},
month = {4},
note = {Rev. 1.3}
}

@manual{atmega32u4datasheet,
organization = {Atmel Corporation},
title = {ATmega16U4/ATmega32U4 8-bit Microcontroller with 16/32K bytes of ISP Flash and USB Controller},
year = {2007},
month = {8},
note = {Rev. 7766J – 04/2016},
}

@book{julkaisuja52,
author = {Heli Castrén},
title = {Kotieläinten käyttäytyminen ja hyvinvointi},
year = {1997},
publisher = {Helsingin yliopiston Maaseudun tutkimus- ja koulutuskeskus},
address = {Mikkeli},
}

@book{lehmahavaintoja,
author = {Jan Hulsen},
editor = {Juho Kyntäjä},
publisher = {ProAgria keskusten liitto},
year = {2014},
address = {Vantaa},
ISBN = {978-951-808-192-3},
issn = {0789-9661},
series = {1079}
}


@article{Martiskainen200932,
title = "Cow behaviour pattern recognition using a three-dimensional accelerometer and support vector machines ",
journal = "Applied Animal Behaviour Science ",
volume = "119",
number = "1–2",
pages = "32 - 38",
year = "2009",
note = "",
issn = "0168-1591",
doi = "http://dx.doi.org/10.1016/j.applanim.2009.03.005",
url = "http://www.sciencedirect.com/science/article/pii/S0168159109000951",
author = "Paula Martiskainen and Mikko Järvinen and Jukka-Pekka Skön and Jarkko Tiirikainen and Mikko Kolehmainen and Jaakko Mononen",
keywords = "Dairy cow",
keywords = "Cattle",
keywords = "Accelerometry",
keywords = "Support vector machine",
keywords = "Behaviour monitoring "
}

@Article{VazquezDiosdado2015,
author="V{\'a}zquez Diosdado, Jorge A.
and Barker, Zoe E.
and Hodges, Holly R.
and Amory, Jonathan R.
and Croft, Darren P.
and Bell, Nick J.
and Codling, Edward A.",
title="Classification of behaviour in housed dairy cows using an accelerometer-based activity monitoring system",
journal="Animal Biotelemetry",
year="2015",
volume="3",
number="1",
pages="15"
}

@article{Jonsson20116,
title = "Oestrus detection in dairy cows from activity and lying data using on-line individual models ",
journal = "Computers and Electronics in Agriculture ",
volume = "76",
number = "1",
pages = "6 - 15",
year = "2011",
note = "",
issn = "0168-1699",
doi = "http://dx.doi.org/10.1016/j.compag.2010.12.014",
url = "http://www.sciencedirect.com/science/article/pii/S0168169910002656",
author = "R. Jónsson and M. Blanke and N.K. Poulsen and F. Caponetti and S. Højsgaard",
keywords = "Oestrus detection",
keywords = "Statistical change detection",
keywords = "Lying balance",
keywords = "Dairy cows "
}


@article{BRUNASSI2010,
title = {{Improving detection of dairy cow estrus using fuzzy logic}},
journal = {{Scientia Agricola}},
author={Brunassi, Leandro dos Anjos AND Moura, Daniella Jorge de AND N\~A\textcurrency\~A\textcurrencys, Irenilza de Alencar AND Vale, Marcos Martinez do AND Souza, Silvia Regina Lucas de AND Lima, Karla Andrea Oliveira de AND Carvalho, Thayla Morandi Ridolfi de AND Bueno, Leda Gobbo de Freitas},
ISSN = {0103-9016},
language = {en},
URL = {http://www.scielo.br/scielo.php?script=sci_arttext&pid=S0103-90162010000500002&nrm=iso},
volume = {67},
year = {2010},
month = {10},
pages = {503 - 509},
publisher = {scielo},
crossref = {10.1590/S0103-90162010000500002}
   }


@article{Andersson2016101,
title = "Wearable wireless estrus detection sensor for cows ",
journal = "Computers and Electronics in Agriculture ",
volume = "127",
number = "",
pages = "101 - 108",
year = "2016",
note = "",
issn = "0168-1699",
doi = "http://dx.doi.org/10.1016/j.compag.2016.06.007",
url = "http://www.sciencedirect.com/science/article/pii/S0168169916303581",
author = "L. Mattias Andersson and Hironao Okada and Ryotaro Miura and Yi Zhang and Koji Yoshioka and Hiroshi Aso and Toshihiro Itoh",
keywords = "Estrus detection",
keywords = "Wireless sensor networks",
keywords = "Agriculture",
keywords = "Automation",
keywords = "Sensors and actuators",
keywords = "Wearable sensor "
}




@INPROCEEDINGS{7370219, 
author={L. M. Andersson and H. Okada and Y. Zhang and T. Itoh and R. Miura and K. Yoshioka}, 
booktitle={SENSORS, 2015 IEEE}, 
title={Wearable wireless sensor for estrus detection in cows by conductivity and temperature measurements}, 
year={2015}, 
pages={1-4}, 
doi={10.1109/ICSENS.2015.7370219}, 
month={Nov}
}

@article{Pastell2009545,
title = "A wireless accelerometer system with wavelet analysis for assessing lameness in cattle ",
journal = "Biosystems Engineering ",
volume = "104",
number = "4",
pages = "545 - 551",
year = "2009",
note = "",
issn = "1537-5110",
doi = "http://dx.doi.org/10.1016/j.biosystemseng.2009.09.007",
url = "http://www.sciencedirect.com/science/article/pii/S1537511009002748",
author = "M. Pastell and J. Tiusanen and M. Hakojärvi and L. Hänninen"
}


@inbook{luomuopas,
booktitle = {Kotieläintilan luomuopas},
title = {Nautojen hoitoympäristö},
author = {Anne Penninkangas},
year = {1998},
publisher = {Maaseutukeskusten Liitto},
series = {Tieto tuottamaan 78},
issn = {0357-9661},
isbn = {951-808-064-X}
}


@inbook{luomunaudanruokinta,
booktitle = {Luomunaudan ja -sian ruokinta ja hoito},
title = {Naudan hoitoympäristö},
author = {Eeva Vornanen},
year = {2001},
publisher = {Maaseutukeskusten Liitto},
series = {Tieto tuottamaan 94},
issn = {0357-7295},
isbn = {951-808-097-6}
}


@online{kotielaintenlukumaarasuomessa,
  author = {Suomen virallinen tilasto (SVT)},
  title = {Kotieläinten lukumäärä},
  date = {2016-12-16},
  url = {http://stat.luke.fi/kotielainten-lukumaara},
  urldate = {2017-01-18}
}

@book{ruokajaluonnonvaratilastot2016,
title = {Ruoka- ja luonnonvaratilastojen e-vuosikirja 2016},
publisher = {Luonnonvarakeskus},
editor = {Kortesmaa, Tarja and Jokela, Aimo},
series = {Luonnonvara, ja biotalouden tutkimus 64/2016},
year = {2016},
ulr = {http://stat.luke.fi/sites/default/files/luke-luobio_64_2016.pdf},
ISBN = {978-952-326-322-2},
ISSN = {2342-7639},
URN  = { http://urn.fi/URN:ISBN:978-952-326-322-2},
}

@online{agriculturalstatistics2015,
author = {United States Department of Agriculture},
title = {Agricultural Statistics 2015},
url = {https://www.nass.usda.gov/Publications/Ag_Statistics/2015/Ag_Stats_2015_complete%20publication.pdf},
urldate = {2017-01-18},
}

@online{livestockandpoultry,
title = {Livestock and Poultry: World Markets and Trade},
author = {United States Department of Agriculture},
year = {2016},
month = {10},
url = {http://usda.mannlib.cornell.edu/usda/fas/livestock-poultry-ma//2010s/2016/livestock-poultry-ma-10-12-2016.pdf},
urldate = {2017-01-18},
organization = {Foreign Agricultural Service}
}

@online{lehmientuotoskasvaa,
aurhor = {ProAgria},
url = {https://www.proagria.fi/ajankohtaista/lehmien-tuotos-kasvaa-jokaisella-poikimakerralla-804},
date = {2013-06-24},
urldate = {2017-01-19},
}

@online{ancienthistoryofmilk,
title = {Dairy Farming - The Ancient History of Producing Milk},
author = {ThoughtCo.},
url = {https://www.thoughtco.com/dairy-farming-ancient-history-171199},
date = {2017-02-09},
urldate = {2017-08-19},
}

@online{tiestallbarnpicture,
author = {Eric Dufresne},
url = {https://upload.wikimedia.org/wikipedia/commons/d/db/Cows_on_a_farm_-_by_Eric_Dufresne.jpg},
urldate = {2017-08-26},
date = {2005-03-20},
}

@online{freestallbarnpicture,
author = {Pixabay},
url = {https://pixabay.com/fi/lehm%C3%A4-farm-pilttuu-el%C3%A4imet-1318283/},
urldate = {2017-08-26},
date = {2016-03-31},
}


@booklet{efficientdairyherdmanagement,
author = {DeLaval},
year = {2001}
}


@article{lactationcurve,
title = "On the analysis of Canadian Holstein dairy cow lactation curves using standard growth functions ",
journal = "Journal of Dairy Science ",
volume = "98",
number = "4",
pages = "2701 - 2712",
year = "2015",
note = "",
issn = "0022-0302",
doi = "http://dx.doi.org/10.3168/jds.2014-8132",
url = "http://www.sciencedirect.com/science/article/pii/S0022030215000466",
author = "S. López and J. France and N.E. Odongo and R.A. McBride and E. Kebreab and O. AlZahal and B.W. McBride and J. Dijkstra",
keywords = "dairy cow",
keywords = "growth function",
keywords = "lactation curve",
keywords = "lactation trait "
}

@book{digitalfilters,
title = "Digital Filters",
autohr = "Dietrich Schlichthärle",
year = "2011",
isbn = "978-3-642-14325-0",
doi = "10.1007/978-3-642-14325-0", 
publisher = "Springer-Verlag Berlin Heidelberg",
edition = "2",
}

@book{khan2005digital,
  title={Digital Signal Processing Fundamentals},
  author={Khan, A.A.},
  isbn={9781584502814},
  lccn={2004020495},
  series={Charles River Media Computer Engineering},
  url={https://books.google.fi/books?id=\_xeQNRlxzG4C},
  year={2005},
  publisher={Da Vinci Engineering Press}
}

@book{tan2007digital,
title = "Digital Signal Processing: Fundamentals and Application",
author = "Tan, Li",
isbn = "9",
publisher = "Elsevier Science",
year = "2007",
location = "Burlington",
}


@book{rao2012fast,
  title={Fast Fourier Transform - Algorithms and Applications},
  author={Rao, K.R. and Kim, D.N. and Hwang, J.J.},
  isbn={9789048118892},
  series={Signals and Communication Technology},
  url={https://books.google.fi/books?id=i9P3sgEACAAJ},
  year={2012},
  publisher={Springer Netherlands}
}

@book{miao2007signal,
title = "Signal Processing in Digital Communications",
author = "Miao, G.J.",
year = "2007",
publsiher = "Artech House",
location = "Norwood",

}

@inbook{maoltaulukotmatematiikka,
booktitle = {MAOL-taulukot}, 
title = {Matematiikka},
author = {Seppänen, Raimo and Tiihonen, Seppo},
publisher = {Kustannusosakeyhtiö Otava},
year = {1991},
edition = {9},
location = {Helsinki},
}

@Article{Kang2012,
author="Kang, Dong-Won
and Choi, Jin-Seung
and Lee, Jeong-Whan
and Tack, Gye-Rae",
title="Prediction of energy consumption according to physical activity intensity in daily life using accelerometer",
journal="International Journal of Precision Engineering and Manufacturing",
year="2012",
volume="13",
number="4",
pages="617--621",
issn="2005-4602",
doi="10.1007/s12541-012-0079-2",
url="http://dx.doi.org/10.1007/s12541-012-0079-2"
}


@online{sdafaq,
author = {SD Association},
url = {https://www.sdcard.org/downloads/formatter_4/faq/},
urldate = {2017-09-09},
}


@manual{sdspecification,
organization = {SD Association},
title = {SD Specifications Part 1 Physical Layer Simplified Specification},
year = {2017},
month = {4},
note = {Version 6.00}
}